@misc{DDJF_OBDH,
  title  = {{{AcubeSAT OBDH DDJF}}},
  author = {Kanavouras, Konstantinos and Pavlakis, Grigorios},
  date   = {2021},
  url    = {https://gitlab.com/acubesat/documentation/cdr-public/-/blob/master/DDJF/DDJF_OBDH.pdf}
}

@misc{DDJF_PL,
  title  = {{{AcubeSAT Payload DDJF}}},
  author = {Arampatzis, Asterios and Zaras, Alexios and Matsatsos, Panagiotis and Ousoultzoglou, Orestis and Nikolopoulou, Drosoula and Sandaltzopoulou, Elissavet},
  date   = {2021},
  url    = {https://gitlab.com/acubesat/documentation/cdr-public/-/blob/master/DDJF/DDJF_PL.pdf}
}

@misc{DDJF_SYS,
  title     = {{{AcubeSAT System DDJF}}},
  author    = {Retselis, Anastasios-Faidon and Kanavouras, Konstantinos and Pavlakis, Grigorios},
  date      = {2021},
  publisher = {{SpaceDot}},
  url       = {https://gitlab.com/acubesat/documentation/cdr-public/-/blob/master/DDJF/DDJF_SYS.pdf}
}

@misc{SWRS,
  title     = {{{AcubeSAT Software Repository System}}},
  author    = {Theocharis, Athanasios},
  date      = {2021},
  publisher = {{SpaceDot}},
  url       = {https://gitlab.com/acubesat/documentation/cdr-public/-/blob/master/SWRS%20file/SWRS.pdf}
}

@misc{MDAR_ARPT,
  title     = {{{Mission Disposal Analysis Report}}},
  author    = {Theophanes, Karydas},
  year      = {2021},
  publisher = {{SpaceDot}},
  url       = {https://gitlab.com/acubesat/documentation/cdr-public/-/blob/master/SDMR/MDAR_ARPT.pdf}
}

@misc{UARTNetworks,
  author = {Control Automation},
  title = {{EIA/TIA-232, 422, and 485 Networks}},
  howpublished = "\url{https://control.com/textbook/digital-data-acquisition-and-networks/eiatia-232-422-and-485-networks/}",
  year = {}, 
  note = "[Online; accessed 15-November-2023]"
}